
@online{fns-baerekraftsmaal,
    author = "fn.no",
    title = "FNs bærekraftsmål",
    url  = "https://fn.no/om-fn/fns-baerekraftsmaal#HvaerFNsb%C3%A6rekraftsm%C3%A5l?-0",
    addendum = "(accessed: 03.05.2024)",
    keywords = "un,fn, bærekraftsmål"
}

@online{Benjamin_Franklin,
    author = "Helge Pharo",
    title = "Helge Pharo",
    url  = "https://snl.no/Benjamin_Franklin",
    addendum = "(accessed: 03.05.2024)",
    keywords = "un,fn, Helge Pharo"
}

@online{fns-baerekraftsmaal-plan-norge,
    author = "fn.no",
    title = "FNs bærekraftsmål Norges Plan",
    url  = "https://www.stortinget.no/globalassets/pdf/innstillinger/stortinget/2021-2022/inns-202122-218s.pdf",
    addendum = "(accessed: 03.05.2024)",
    keywords = "un,fn, bærekraftsmål, norge, stortinget, paln"
}

@online{sgds-progress,
    author = "unstats.un.org",
    title = "The-Sustainable-Development-Goals-Report-2023.pdf",
    pages = "58--74",
    year = "2023",
    DOI = "https://unstats.un.org/sdgs/report/2023/The-Sustainable-Development-Goals-Report-2023.pdf",
    keywords = "un Sustainable-Development-Goals"
}

@online{protein-folding,
    author = "Nathalie Reuter, Inge Jonassen",
    title = "How AI helped solve Protein Folding - and why it matters",
    pages = "58--74",
    year = "2024",
    DOI = "https://www.uib.no/ai/151189/uib-ai-1-how-ai-helped-solve-protein-folding-and-why-it-matters",
    keywords = "un, Protein Folding"
}


@article{Hu2023Quantum,
  title={Quantum Computer Simulation of Protein Protonation},
  author={Hu, Hao},
  journal={Journal of Chemical Theory and Computation},
  volume={19},
  number={17},
  pages={5671--5676},
  year={2023},
  publisher={American Chemical Society},
  doi={10.1021/acs.jctc.3c00606},
  url={https://doi.org/10.1021/acs.jctc.3c00606}
}