@online{animal-data,
    author = "Md. Khalequzzaman Sarker Likhon",
    title = "animal data",
    url  = "https://www.kaggle.com/datasets/likhon148/animal-data/data",
    addendum = "(accessed: 03.05.2024)",
    keywords = "Image Classification"
}
